@Misc{Unity,
  title = {Изучаем C\# через разработку игр на Unity. 5-е издание. / Харрисон Ферроне, <<Питер>>, 2022. -- 400 с.}
}

@Misc{Unity2,
  title = {Unity в действии. Мультиплатформенная разработка на C\#. / Джозеф Хокинг, <<Питер>>, 2016. -- 336 с.}
}

@Misc{Unity3,
  title = {Программирование на языке C\#. Учебное пособие. / И.Л. Александрова,
Д.Н. Тумаков, <<Казань>>, 2017. -- 112 с.}
}

@Misc{Unity4,
  title = {Unity и C\# Геймдев от идеи до реализации. 2-е изание. / Джереми Гибсон Бонд, <<Питер>>, 2019. -- 928 с.}
}

@Misc{Unity5,
  title = {Искусство создания сценариев в Unity. / Алан Торн, <<ДМК Пресс>>, 2016. -- 360 с.}
}
@Misc{Unity6,
 title = {Scripting API: MonoBehaviour [Электронный ресурс] Unity Documentation. Режим доступа: \href{https://docs.unity.cn/ScriptReference/MonoBehaviour.html}{https://docs.unity.cn/ScriptReference/MonoBehaviour.html}.},
 urldate = {2024-03-24}
}

@Misc{Unity7,
 title = {Unity - Manual: Prefabs [Электронный ресурс] Unity Documentation. Режим доступа: \href{https://docs.unity3d.com/Manual/Prefabs.html}{https://docs.unity3d.com/Manual/Prefabs.html}.},
 urldate = {2024-03-24}
}

@Misc{Unity8,
 title = {Создание и Использование Скриптов [Электронный ресурс] Unity Documentation. Режим доступа: \href{https://docs.unity3d.com/ru/2021.1/Manual/CreatingAndUsingScripts.html}{https://docs.unity3d.com/ru/2021.1/Manual/CreatingAndUsingScripts.html}.},
 urldate = {2024-03-24}
}

@Misc{Unity9,
 title = {Sprites [Электронный ресурс] Unity Documentation. Режим доступа: \href{https://docs.unity3d.com/ru/2021.1/Manual/Sprites.html}{https://docs.unity3d.com/ru/2021.1/Manual/Sprites.html}.},
 urldate = {2024-03-24}
}

@Misc{Unity10,
 title = {Flappy Bird [Электронный ресурс]  Википедия -- свободная энциклопедия. Режим доступа: \href{https://ru.wikipedia.org/wiki/Flappy\_Bird}{https://ru.wikipedia.org/wiki/Flappy\_Bird}.},
 urldate = {2024-04-15}
}

@Misc{Unity11,
 title = {Introduction to 2D [Электронный ресурс]  Unity Documentation. Режим доступа: \href{https://docs.unity3d.com/Manual/2D-introduction.html}{https://docs.unity3d.com/Manual/2D-introduction.html}.},
 urldate = {2024-04-15}
}

@Misc{Unity12,
 title = {Work with sprites [Электронный ресурс]  Unity Documentation. Режим доступа: \href{https://docs.unity3d.com/Manual/Sprites.html}{https://docs.unity3d.com/Manual/Sprites.html}.},
 urldate = {2024-04-15}
}

@Misc{Unity13,
 title = {Awake() [Электронный ресурс]  Unity Documentation. Режим доступа: \href{https://docs.unity3d.com/ScriptReference/MonoBehaviour.Awake.html}{https://docs.unity3d.com/ScriptReference/MonoBehaviour.Awake.html}.},
 urldate = {2024-04-15}
}

@Misc{Unity14,
 title = {Start() [Электронный ресурс]  Unity Documentation. Режим доступа: \href{https://docs.unity3d.com/ScriptReference/MonoBehaviour.Start.html}{https://docs.unity3d.com/ScriptReference/MonoBehaviour.Start.html}.},
 urldate = {2024-04-15}
}

@Misc{Unity15,
 title = {Update() [Электронный ресурс]  Unity Documentation. Режим доступа: \href{https://docs.unity3d.com/ScriptReference/MonoBehaviour.Update.html}{https://docs.unity3d.com/ScriptReference/MonoBehaviour.Update.html}.},
 urldate = {2024-04-15}
}


@Misc{Unity16,
 title = {OnTriggerEnter2D(Collider2D) [Электронный ресурс]  Unity Documentation. Режим доступа: \href{https://docs.unity3d.com/ru/current/ScriptReference/MonoBehaviour.OnTriggerEnter2D.html}{https://docs.unity3d.com/ru/current/ScriptReference/MonoBehaviour.OnTriggerEnter2D.html}.},
 urldate = {2024-04-15}
}

@Misc{Unity17,
 title = {OnEnable() [Электронный ресурс]  Unity Documentation. Режим доступа: \href{https://docs.unity3d.com/ScriptReference/MonoBehaviour.OnEnable.html}{https://docs.unity3d.com/ScriptReference/MonoBehaviour.OnEnable.html}.},
 urldate = {2024-04-15}
}

@Misc{Unity18,
 title = {Unity [Электронный ресурс]  Википедия -- свободная энциклопедия. Режим доступа: \href{https://ru.wikipedia.org/wiki/Unity}{https://ru.wikipedia.org/wiki/Unity}.},
 urldate = {2024-04-15}
}

@Misc{Unity19,
 title = {Кроссплатформенность [Электронный ресурс]  Википедия -- свободная энциклопедия. Режим доступа: \href{https://ru.wikipedia.org/wiki/Кроссплатформенность}{https://ru.wikipedia.org/wiki/Кроссплатформенность}.},
 urldate = {2024-04-15}
}

@Misc{Unity20,
 title = {Платформа Unity для разработки [Электронный ресурс]  Official website Unity. Режим доступа: \href{https://unity.com/ru}{https://unity.com/ru}.},
 urldate = {2024-04-15}
}
